<record><leader>00000cas a22000001  4500</leader><controlfield tag="001">5998880</controlfield><controlfield tag="007">hd afb016baca</controlfield><controlfield tag="007">hd bfb016baaa</controlfield><controlfield tag="008">800219d18751958paubx nea     0    0eng d</controlfield><datafield ind1=" " ind2=" " tag="010"><subfield code="a">sn 94084736 </subfield></datafield><datafield ind1=" " ind2=" " tag="040"><subfield code="a">YUS</subfield><subfield code="b">eng</subfield><subfield code="c">YUS</subfield><subfield code="d">RQM</subfield><subfield code="d">OCLCO</subfield></datafield><datafield ind1=" " ind2=" " tag="012"><subfield code="i">8002</subfield></datafield><datafield ind1="1" ind2=" " tag="029"><subfield code="a">AU@</subfield><subfield code="b">000025885635</subfield></datafield><datafield ind1=" " ind2=" " tag="042"><subfield code="a">msc</subfield></datafield><datafield ind1=" " ind2="4" tag="050"><subfield code="a">HD4803.P3</subfield><subfield code="b">P67</subfield></datafield><datafield ind1="0" ind2="0" tag="245"><subfield code="a">National labor tribune</subfield><subfield code="h">[microform].</subfield></datafield><datafield ind1=" " ind2=" " tag="260"><subfield code="a">Pittsburgh,</subfield><subfield code="b">Thomas Telford [etc.]</subfield></datafield><datafield ind1=" " ind2=" " tag="310"><subfield code="a">Bimonthly (irregular),</subfield><subfield code="b">1953-Nov. 1958</subfield></datafield><datafield ind1=" " ind2=" " tag="321"><subfield code="a">Weekly,</subfield><subfield code="b">Apr. 24, 1875-1938 (irregular)</subfield></datafield><datafield ind1=" " ind2=" " tag="321"><subfield code="a">Biweekly,</subfield><subfield code="b">1939-Mar. 1948</subfield></datafield><datafield ind1=" " ind2=" " tag="321"><subfield code="a">Monthly (irregular),</subfield><subfield code="b">May, 1948-1952</subfield></datafield><datafield ind1="0" ind2=" " tag="362"><subfield code="a">Jan. 1874-Nov. 1958.</subfield></datafield><datafield ind1=" " ind2=" " tag="550"><subfield code="a">Official organ "of U.S. of V. and of the Miners' P. &amp; P. Association and of the Window Glass A.N.A. of the U.S.," Apr. 24-Oct. 2, 1875; "of U.S. of V. and of the Window Glass A.N.A. of the U.S.A.," Oct. 9, 1875-&lt;July 22&gt; 1876; "of the Amalgamated Association of Iron and Steel Workers of the United States and of the Window Glass A.N.A. of North America," &lt;Sept. 2&gt; 1876-&lt;Dec. 6, 1879&gt;; "of the A.A. of I.S. &amp; T. of the U.S. and the A.F. of L.," &lt;Jan. 13, 1898&gt;-Oct. 26, 1899.</subfield></datafield><datafield ind1=" " ind2=" " tag="533"><subfield code="a">Microfilm.</subfield><subfield code="m">(Apr.1875-Nov.1958):[Gaps]</subfield><subfield code="b">New York :</subfield><subfield code="c">New York Public Library,</subfield><subfield code="d">[19--]</subfield><subfield code="e">28 microfilm reels ; 35 mm.</subfield></datafield><datafield ind1="2" ind2=" " tag="710"><subfield code="a">United Sons of Vulcan.</subfield></datafield><datafield ind1="2" ind2=" " tag="710"><subfield code="a">Miners' P. &amp; P. Association.</subfield></datafield><datafield ind1="2" ind2=" " tag="710"><subfield code="a">Window Glass Artsman's National Association of North America.</subfield></datafield><datafield ind1="2" ind2=" " tag="710"><subfield code="a">Amalgamated Association of Iron, Steel, and Tin Workers of North America.</subfield></datafield><datafield ind1="2" ind2=" " tag="710"><subfield code="a">American Federation of Labor.</subfield></datafield><datafield ind1="1" ind2=" " tag="776"><subfield code="c">Original</subfield><subfield code="w">(DLC)sn 85054676</subfield></datafield><datafield ind1="0" ind2="0" tag="780"><subfield code="t">Weekly labor tribune</subfield><subfield code="g">(Jan. 1-8, 1874)</subfield></datafield><datafield ind1=" " ind2=" " tag="850"><subfield code="a">NN</subfield><subfield code="a">NN (master)</subfield></datafield><datafield ind1=" " ind2=" " tag="936"><subfield code="a">Jan. 28, 1904</subfield></datafield></record>